@book{revuz2013continuous,
  title={Continuous martingales and Brownian motion},
  author={Revuz, Daniel and Yor, Marc},
  volume={293},
  year={2013},
  publisher={Springer Science \& Business Media}
}

@inproceedings{chen2023sampling,
title={Sampling is as easy as learning the score: theory for diffusion models with minimal data assumptions},
author={Sitan Chen and Sinho Chewi and Jerry Li and Yuanzhi Li and Adil Salim and Anru Zhang},
booktitle={The Eleventh International Conference on Learning Representations },
year={2023}
}

@book{ambrosio2008gradient,
  title={Gradient flows: in metric spaces and in the space of probability measures},
  author={Ambrosio, Luigi and Gigli, Nicola and Savar{\'e}, Giuseppe},
  year={2008},
  publisher={Springer Science \& Business Media}
}

@book{le2016brownian,
  title={Brownian motion, martingales, and stochastic calculus},
  author={Le Gall, Jean-Fran{\c{c}}ois},
  year={2016},
  publisher={Springer}
}

@book{liptser2013statistics,
  title={Statistics of random processes: I. General theory},
  author={Liptser, Robert S and Shiryaev, Albert N},
  volume={5},
  year={2013},
  publisher={Springer Science \& Business Media}
}

@inproceedings{lehec2013representation,
  title={Representation formula for the entropy and functional inequalities},
  author={Lehec, Joseph},
  booktitle={Annales de l'IHP Probabilit{\'e}s et statistiques},
  volume={49},
  number={3},
  pages={885--899},
  year={2013}
}

@book{hall2013lie,
  title={Lie groups, Lie algebras, and representations},
  author={Hall, Brian C and Hall, Brian C},
  year={2013},
  publisher={Springer}
}

@book{durrett2019probability,
  title={Probability: theory and examples},
  author={Durrett, Rick},
  volume={49},
  year={2019},
  publisher={Cambridge university press}
}

@book{hsu2002stochastic,
  title={Stochastic analysis on manifolds},
  author={Hsu, Elton P},
  number={38},
  year={2002},
  publisher={American Mathematical Soc.}
}

@book{lee2018introduction,
  title={Introduction to Riemannian manifolds},
  author={Lee, John M},
  volume={2},
  year={2018},
  publisher={Springer}
}

@book{lee2012smooth,
  title={Smooth manifolds},
  author={Lee, John M and Lee, John M},
  year={2012},
  publisher={Springer}
}

@phdthesis{pennec2004probabilities,
  title={Probabilities and statistics on riemannian manifolds: A geometric approach},
  author={Pennec, Xavier},
  year={2004},
  school={INRIA}
}

@article{falorsi2021continuous,
  title={Continuous normalizing flows on manifolds},
  author={Falorsi, Luca},
  journal={arXiv preprint arXiv:2104.14959},
  year={2021}
}

@article{rozen2021moser,
  title={Moser flow: Divergence-based generative modeling on manifolds},
  author={Rozen, Noam and Grover, Aditya and Nickel, Maximilian and Lipman, Yaron},
  journal={Advances in Neural Information Processing Systems},
  volume={34},
  pages={17669--17680},
  year={2021}
}

@inproceedings{ben2022matching,
  title={Matching Normalizing Flows and Probability Paths on Manifolds},
  author={Ben-Hamu, Heli and Cohen, Samuel and Bose, Joey and Amos, Brandon and Nickel, Maximillian and Grover, Aditya and Chen, Ricky TQ and Lipman, Yaron},
  booktitle={International Conference on Machine Learning},
  pages={1749--1763},
  year={2022},
  organization={PMLR}
}

@article{chung2022improving,
  title={Improving diffusion models for inverse problems using manifold constraints},
  author={Chung, Hyungjin and Sim, Byeongsu and Ryu, Dohoon and Ye, Jong Chul},
  journal={Advances in Neural Information Processing Systems},
  volume={35},
  pages={25683--25696},
  year={2022}
}

@article{tian2023scan,
  title={Scan and Snap: Understanding Training Dynamics and Token Composition in 1-layer Transformer},
  author={Tian, Yuandong and Wang, Yiping and Chen, Beidi and Du, Simon},
  journal={arXiv preprint arXiv:2305.16380},
  year={2023}
}

@inproceedings{huh2023isometric,
  title={Isometric Quotient Variational Auto-Encoders for Structure-Preserving Representation Learning},
  author={Huh, In and Choe, Jae Myung and Kim, Young-Gu and Kim, Dae Sin and others},
  booktitle={Thirty-seventh Conference on Neural Information Processing Systems},
  year={2023}
}

@article{sinha2021consistency,
  title={Consistency regularization for variational auto-encoders},
  author={Sinha, Samarth and Dieng, Adji Bousso},
  journal={Advances in Neural Information Processing Systems},
  volume={34},
  pages={12943--12954},
  year={2021}
}

@inproceedings{verma2019manifold,
  title={Manifold mixup: Better representations by interpolating hidden states},
  author={Verma, Vikas and Lamb, Alex and Beckham, Christopher and Najafi, Amir and Mitliagkas, Ioannis and Lopez-Paz, David and Bengio, Yoshua},
  booktitle={International conference on machine learning},
  pages={6438--6447},
  year={2019},
  organization={PMLR}
}

@inproceedings{mehr2018manifold,
  title={Manifold learning in quotient spaces},
  author={Mehr, Eloi and Lieutier, Andr{\'e} and Bermudez, Fernando Sanchez and Guitteny, Vincent and Thome, Nicolas and Cord, Matthieu},
  booktitle={Proceedings of the IEEE Conference on Computer Vision and Pattern Recognition},
  pages={9165--9174},
  year={2018}
}

@inproceedings{chen2020learning,
  title={Learning Flat Latent Manifolds with VAEs},
  author={Chen, Nutan and Klushyn, Alexej and Ferroni, Francesco and Bayer, Justin and Van Der Smagt, Patrick},
  booktitle={International Conference on Machine Learning},
  pages={1587--1596},
  year={2020},
  organization={PMLR}
}

@inproceedings{hui2020evaluation,
  title={EVALUATION OF NEURAL ARCHITECTURES TRAINED WITH SQUARE LOSS VS CROSS-ENTROPY IN CLASSIFICATION TASKS},
  author={Hui, Like and Belkin, Mikail},
  booktitle={International Conference on Learning Representations},
  year={2020}
}

@inproceedings{demirkaya2020exploring,
  title={Exploring the role of loss functions in multiclass classification},
  author={Demirkaya, Ahmet and Chen, Jiasi and Oymak, Samet},
  booktitle={2020 54th annual conference on information sciences and systems (ciss)},
  pages={1--5},
  year={2020},
  organization={IEEE}
}

@article{muthukumar2021classification,
  title={Classification vs regression in overparameterized regimes: Does the loss function matter?},
  author={Muthukumar, Vidya and Narang, Adhyyan and Subramanian, Vignesh and Belkin, Mikhail and Hsu, Daniel and Sahai, Anant},
  journal={The Journal of Machine Learning Research},
  volume={22},
  number={1},
  pages={10104--10172},
  year={2021},
  publisher={JMLRORG}
}

@inproceedings{englesson2024robust,
title={Robust Classification via Regression-Based Loss Reweighting and Label Correction},
author={Erik Englesson and Hossein Azizpour},
booktitle={The Twelfth International Conference on Learning Representations},
year={2024}
}

@inproceedings{miyato2024gta,
title={{GTA}: A Geometry-Aware Attention Mechanism for Multi-View Transformers},
author={Takeru Miyato and Bernhard Jaeger and Max Welling and Andreas Geiger},
booktitle={The Twelfth International Conference on Learning Representations},
year={2024}
}

@article{zhang2018generalized,
  title={Generalized cross entropy loss for training deep neural networks with noisy labels},
  author={Zhang, Zhilu and Sabuncu, Mert},
  journal={Advances in neural information processing systems},
  volume={31},
  year={2018}
}

@inproceedings{mao2023cross,
  title={Cross-entropy loss functions: Theoretical analysis and applications},
  author={Mao, Anqi and Mohri, Mehryar and Zhong, Yutao},
  booktitle={International Conference on Machine Learning},
  pages={23803--23828},
  year={2023},
  organization={PMLR}
}

@article{zhu2024function,
  title={Function Aligned Regression: A Method Explicitly Learns Functional Derivatives from Data},
  author={Zhu, Dixian and Jerby-Arnon, Livnat},
  journal={arXiv preprint arXiv:2402.06104},
  year={2024}
}

@article{miyato2018virtual,
  title={Virtual adversarial training: a regularization method for supervised and semi-supervised learning},
  author={Miyato, Takeru and Maeda, Shin-ichi and Koyama, Masanori and Ishii, Shin},
  journal={IEEE transactions on pattern analysis and machine intelligence},
  volume={41},
  number={8},
  pages={1979--1993},
  year={2018},
  publisher={IEEE}
}

@inproceedings{cranko2021generalised,
  title={Generalised lipschitz regularisation equals distributional robustness},
  author={Cranko, Zac and Shi, Zhan and Zhang, Xinhua and Nock, Richard and Kornblith, Simon},
  booktitle={International Conference on Machine Learning},
  pages={2178--2188},
  year={2021},
  organization={PMLR}
}

@inproceedings{he2023manifold,
  title={Manifold Preserving Guided Diffusion},
  author={He, Yutong and Murata, Naoki and Lai, Chieh-Hsin and Takida, Yuhta and Uesaka, Toshimitsu and Kim, Dongjun and Liao, Wei-Hsiang and Mitsufuji, Yuki and Kolter, J Zico and Salakhutdinov, Ruslan and others},
  booktitle={The Twelfth International Conference on Learning Representations},
  year={2023}
}

@article{sorrenson2023learning,
  title={Learning Distributions on Manifolds with Free-form Flows},
  author={Sorrenson, Peter and Draxler, Felix and Rousselot, Armand and Hummerich, Sander and K{\"o}the, Ullrich},
  journal={arXiv preprint arXiv:2312.09852},
  year={2023}
}

@inproceedings{lipman2022flow,
  title={Flow Matching for Generative Modeling},
  author={Lipman, Yaron and Chen, Ricky TQ and Ben-Hamu, Heli and Nickel, Maximilian and Le, Matthew},
  booktitle={The Eleventh International Conference on Learning Representations},
  year={2022}
}

@article{chen2018neural,
  title={Neural ordinary differential equations},
  author={Chen, Ricky TQ and Rubanova, Yulia and Bettencourt, Jesse and Duvenaud, David K},
  journal={Advances in neural information processing systems},
  volume={31},
  year={2018}
}

@inproceedings{chen2024flow,
  title={Flow matching on general geometries},
  author={Chen, Ricky TQ and Lipman, Yaron},
  booktitle={The Twelfth International Conference on Learning Representations},
  year={2024}
}
