@article{durmus2018efficient,
  title={Efficient bayesian computation by proximal markov chain monte carlo: when langevin meets moreau},
  author={Durmus, Alain and Moulines, Eric and Pereyra, Marcelo},
  journal={SIAM Journal on Imaging Sciences},
  volume={11},
  number={1},
  pages={473--506},
  year={2018},
  publisher={SIAM}
}

@article{laumont2022bayesian,
  title={Bayesian imaging using plug \& play priors: when langevin meets tweedie},
  author={Laumont, R{\'e}mi and Bortoli, Valentin De and Almansa, Andr{\'e}s and Delon, Julie and Durmus, Alain and Pereyra, Marcelo},
  journal={SIAM Journal on Imaging Sciences},
  volume={15},
  number={2},
  pages={701--737},
  year={2022},
  publisher={SIAM}
}

@inproceedings{liu2023flow,
title={Flow Straight and Fast: Learning to Generate and Transfer Data with Rectified Flow},
author={Xingchao Liu and Chengyue Gong and qiang liu},
booktitle={The Eleventh International Conference on Learning Representations },
year={2023}
}

@inproceedings{yang2024guidance,
title={Guidance with Spherical Gaussian Constraint for Conditional Diffusion},
author={Lingxiao Yang and Shutong Ding and Yifan Cai and Jingyi Yu and Jingya Wang and Ye Shi},
booktitle={Forty-first International Conference on Machine Learning},
year={2024}
}

@inproceedings{chung2023diffusion,
title={Diffusion Posterior Sampling for General Noisy Inverse Problems},
author={Hyungjin Chung and Jeongsol Kim and Michael Thompson Mccann and Marc Louis Klasky and Jong Chul Ye},
booktitle={The Eleventh International Conference on Learning Representations },
year={2023}
}

@inproceedings{he2024manifold,
title={Manifold Preserving Guided Diffusion},
author={Yutong He and Naoki Murata and Chieh-Hsin Lai and Yuhta Takida and Toshimitsu Uesaka and Dongjun Kim and Wei-Hsiang Liao and Yuki Mitsufuji and J Zico Kolter and Ruslan Salakhutdinov and Stefano Ermon},
booktitle={The Twelfth International Conference on Learning Representations},
year={2024}
}

@inproceedings{chung2022improving,
title={Improving Diffusion Models for Inverse Problems using Manifold Constraints},
author={Hyungjin Chung and Byeongsu Sim and Dohoon Ryu and Jong Chul Ye},
booktitle={Advances in Neural Information Processing Systems},
editor={Alice H. Oh and Alekh Agarwal and Danielle Belgrave and Kyunghyun Cho},
year={2022}
}

@inproceedings{albergo2023building,
title={Building Normalizing Flows with Stochastic Interpolants},
author={Michael Samuel Albergo and Eric Vanden-Eijnden},
booktitle={The Eleventh International Conference on Learning Representations },
year={2023}
}

@article{dao2023flow,
  title={Flow matching in latent space},
  author={Dao, Quan and Phung, Hao and Nguyen, Binh and Tran, Anh},
  journal={arXiv preprint arXiv:2307.08698},
  year={2023}
}

@inproceedings{gropp2020implicit,
  title={Implicit Geometric Regularization for Learning Shapes},
  author={Gropp, Amos and Yariv, Lior and Haim, Niv and Atzmon, Matan and Lipman, Yaron},
  booktitle={International Conference on Machine Learning},
  pages={3789--3799},
  year={2020},
  organization={PMLR}
}

@book{lee2012smooth,
  title={Smooth manifolds},
  author={Lee, John M and Lee, John M},
  year={2012},
  publisher={Springer}
}

@article{fefferman2016testing,
  title={Testing the manifold hypothesis},
  author={Fefferman, Charles and Mitter, Sanjoy and Narayanan, Hariharan},
  journal={Journal of the American Mathematical Society},
  volume={29},
  number={4},
  pages={983--1049},
  year={2016}
}

@inproceedings{brown2022verifying,
  title={Verifying the Union of Manifolds Hypothesis for Image Data},
  author={Brown, Bradley CA and Caterini, Anthony L and Ross, Brendan Leigh and Cresswell, Jesse C and Loaiza-Ganem, Gabriel},
  booktitle={The Eleventh International Conference on Learning Representations},
  year={2022}
}

@article{dhariwal2021diffusion,
  title={Diffusion models beat gans on image synthesis},
  author={Dhariwal, Prafulla and Nichol, Alexander},
  journal={Advances in neural information processing systems},
  volume={34},
  pages={8780--8794},
  year={2021}
}

@book{villani2009optimal,
  title={Optimal transport: old and new},
  author={Villani, C{\'e}dric and others},
  volume={338},
  year={2009},
  publisher={Springer}
}

@article{chen2018neural,
  title={Neural ordinary differential equations},
  author={Chen, Ricky TQ and Rubanova, Yulia and Bettencourt, Jesse and Duvenaud, David K},
  journal={Advances in neural information processing systems},
  volume={31},
  year={2018}
}

@book{oksendal2003stochastic,
  title={Stochastic differential equations},
  author={{\O}ksendal, Bernt and {\O}ksendal, Bernt},
  year={2003},
  publisher={Springer}
}

@article{ho2020denoising,
  title={Denoising diffusion probabilistic models},
  author={Ho, Jonathan and Jain, Ajay and Abbeel, Pieter},
  journal={Advances in neural information processing systems},
  volume={33},
  pages={6840--6851},
  year={2020}
}

@article{bengio2013representation,
  title={Representation learning: A review and new perspectives},
  author={Bengio, Yoshua and Courville, Aaron and Vincent, Pascal},
  journal={IEEE transactions on pattern analysis and machine intelligence},
  volume={35},
  number={8},
  pages={1798--1828},
  year={2013},
  publisher={IEEE}
}

@inproceedings{song2021scorebased,
title={Score-Based Generative Modeling through Stochastic Differential Equations},
author={Yang Song and Jascha Sohl-Dickstein and Diederik P Kingma and Abhishek Kumar and Stefano Ermon and Ben Poole},
booktitle={International Conference on Learning Representations},
year={2021}
}

@inproceedings{sorrenson2024lifting,
  title={Lifting Architectural Constraints of Injective Flows},
  author={Peter Sorrenson and Felix Draxler and Armand Rousselot and Sander Hummerich and Lea Zimmermann and Ullrich Koethe},
  booktitle={The Twelfth International Conference on Learning Representations},
  year={2024}
}

@article{ross2023neural,
  title={Neural Implicit Manifold Learning for Topology-Aware Density Estimation},
  author={Ross, Brendan Leigh and Loaiza-Ganem, Gabriel and Caterini, Anthony L and Cresswell, Jesse C},
  journal={Transactions on Machine Learning Research},
  year={2023}
}

@article{caterini2021rectangular,
  title={Rectangular flows for manifold learning},
  author={Caterini, Anthony L and Loaiza-Ganem, Gabriel and Pleiss, Geoff and Cunningham, John P},
  journal={Advances in Neural Information Processing Systems},
  volume={34},
  pages={30228--30241},
  year={2021}
}